@manual{ap51,
title = {Versuchsanleitung zu Versuch Nr. 51 Circuits with operational Circuits},
year = 2024,
organization = {Fakult√§t Physik, TU Dortmund},
}
